@article{anand,
    title = {Market conditions, fragility, and the economics of market making},
    journal = {Journal of Financial Economics},
    volume = {121},
    number = {2},
    pages = {327 - 349},
    year = {2016},
    note = {},
    author = {Anand, A. and Venkataraman, K.},
    keywords = {Market makers},
    keywords = {HFTs},
    keywords = {Fragility},
    keywords = {Volatility},
    keywords = {Obligations}
}

@book{taleb1,
    title = {Antifragile: Things that gain from disorder},
    author = {Taleb, N.},
    volume = {3},
    year = {2012},
    publisher = {Random House}
}

@article{taleb2,
    title = {Philosophy: `Antifragility' as a mathematical idea},
    author = {Taleb, N.},
    journal = {Nature},
    pages = {430},
    year = {2013},
    volume = {494},
    publisher = {Nature Publishing Group}
}

@book{weiss,
    title = {Aspects and Applications of the Random Walk},
    author = {Weiss, G.H.},
    year = {1994},
    publisher = {North-Holland}
}

@book{stochastic,
    title = {Introduction to Stochastic Models},
    author = {Iosifescu, M. and Limnios, N. and Oprisan, G.},
    year = {2010},
    publisher = {ISTE Ltd. and John Wiley and Sons, Inc.}
}

@book{ibe,
    title = {Elements of random walk and diffusion processes},
    author = {Ibe, O.},
    year = {2013},
    publisher = {John Wiley and Sons}
}
